%% This BibTeX bibliography file was created using BibDesk.
%% http://bibdesk.sourceforge.net/


%% Created for Jonas at 2013-08-13 17:18:21 +0200 


%% Saved with string encoding Unicode (UTF-8) 



@book{citeulike:941238,
	Abstract = {{These imaginative thought experiments are the inventions of one of the world's eminent brain researchers. They are "vehicles," a series of hypothetical, self-operating machines that exhibit increasingly intricate if not always successful or civilized "behavior." Each of the vehicles in the series incorporates the essential features of all the earlier models and along the way they come to embody aggression, love, logic, manifestations of foresight, concept formation, creative thinking, personality, and free will. In a section of extensive biological notes, Braitenberg locates many elements of his fantasy in current brain research.<br /> <br /> Valentino Braitenberg is a director of the Max Planck Institute of Biological Cybernetics and Honorary Professor of Information Science at the University of T\"{u}bingen, West Germany. A Bradford Book.}},
	Author = {Braitenberg, Valentino},
	Citeulike-Article-Id = {941238},
	Citeulike-Linkout-0 = {http://www.amazon.ca/exec/obidos/redirect?tag=citeulike09-20\&amp;path=ASIN/0262521121},
	Citeulike-Linkout-1 = {http://www.amazon.de/exec/obidos/redirect?tag=citeulike01-21\&amp;path=ASIN/0262521121},
	Citeulike-Linkout-2 = {http://www.amazon.fr/exec/obidos/redirect?tag=citeulike06-21\&amp;path=ASIN/0262521121},
	Citeulike-Linkout-3 = {http://www.amazon.jp/exec/obidos/ASIN/0262521121},
	Citeulike-Linkout-4 = {http://www.amazon.co.uk/exec/obidos/ASIN/0262521121/citeulike00-21},
	Citeulike-Linkout-5 = {http://www.amazon.com/exec/obidos/redirect?tag=citeulike07-20\&path=ASIN/0262521121},
	Citeulike-Linkout-6 = {http://www.worldcat.org/isbn/0262521121},
	Citeulike-Linkout-7 = {http://books.google.com/books?vid=ISBN0262521121},
	Citeulike-Linkout-8 = {http://www.amazon.com/gp/search?keywords=0262521121\&index=books\&linkCode=qs},
	Citeulike-Linkout-9 = {http://www.librarything.com/isbn/0262521121},
	Date-Added = {2013-08-13 13:44:19 +0000},
	Date-Modified = {2013-08-13 13:44:19 +0000},
	Day = {07},
	Howpublished = {Paperback},
	Isbn = {0262521121},
	Keywords = {book, brain, mind, neuroscience},
	Month = feb,
	Posted-At = {2009-11-09 18:25:00},
	Priority = {3},
	Publisher = {A Bradford Book},
	Title = {{Vehicles: Experiments in Synthetic Psychology}},
	Url = {http://www.amazon.com/exec/obidos/redirect?tag=citeulike07-20\&path=ASIN/0262521121},
	Year = {1986},
	Bdsk-Url-1 = {http://www.amazon.com/exec/obidos/redirect?tag=citeulike07-20%5C&path=ASIN/0262521121}}

@isc{adams93answer,
	Author = {Douglas Adams},
	Howpublished = {Website},
	Note = {\url{http://groups.google.com/group/ alt.fan.douglas-adams/msg/ d1064f7b27808692?as\_umsgid=adamsd.1102700746A \@news.cerf.net}[25.03.2000]},
	Title = {{Why 42?}},
	Year = 1993}

@book{adams1998anhalter,
	Author = {Douglas Adams},
	Isbn = {3453146972},
	Publisher = {Heyne Verlag},
	Title = {{Per Anhalter durch die Galaxis: Roman}},
	Year = 1998}

@inbook{adams1998anhalter_inbook,
	Author = {Douglas Adams},
	Pages = {1},
	Publisher = {Heyne Verlag},
	Title = {{Per Anhalter durch die Galaxis: Roman}},
	Year = {1998}}

@article{hensel1897,
	Author = {Kurt Hensel},
	Journal = {Jahresbericht der Deutschen Mathematiker-Vereinigung},
	Pages = {83-88},
	Title = {{{\"U}ber eine neue Begr{\"u}ndung der Theorie der algebraischen Zahlen}},
	Volume = {6},
	Year = {1897}}

@book{Bach:2009:PSI:1611304,
	Address = {New York, NY, USA},
	Author = {Bach, Joscha},
	Edition = {1st},
	Isbn = {0195370678, 9780195370676},
	Publisher = {Oxford University Press, Inc.},
	Title = {Principles of Synthetic Intelligence PSI: An Architecture of Motivated Cognition},
	Year = {2009}}
